@article{le2024accelerating,
  title={Accelerating motion planning via optimal transport},
  author={Le, An T and Chalvatzaki, Georgia and Biess, Armin and Peters, Jan R},
  journal={Advances in Neural Information Processing Systems},
  volume={36},
  year={2024}
}

@article{olfati2006flocking,
  title={Flocking for multi-agent dynamic systems: Algorithms and theory},
  author={Olfati-Saber, Reza},
  journal={IEEE Transactions on automatic control},
  volume={51},
  number={3},
  pages={401--420},
  year={2006},
  publisher={IEEE}
}


@article{dimarogonas2008connectedness,
  title={Connectedness preserving distributed swarm aggregation for multiple kinematic robots},
  author={Dimarogonas, Dimos V and Kyriakopoulos, Kostas J},
  journal={IEEE Transactions on Robotics},
  volume={24},
  number={5},
  pages={1213--1223},
  year={2008},
  publisher={IEEE}
}

@article{lecun2006tutorial,
  title={A tutorial on energy-based learning},
  author={LeCun, Yann and Chopra, Sumit and Hadsell, Raia and Ranzato, M and Huang, Fujie and others},
  journal={Predicting structured data},
  volume={1},
  number={0},
  year={2006}
}

@inproceedings{barfoot2014batch,
  title={Batch Continuous-Time Trajectory Estimation as Exactly Sparse Gaussian Process Regression.},
  author={Barfoot, Tim D and Tong, Chi Hay and S{\"a}rkk{\"a}, Simo},
  booktitle={Robotics: Science and Systems},
  volume={10},
  pages={1--10},
  year={2014},
  organization={Citeseer}
}

@article{mukadam2018continuous,
  title={Continuous-time Gaussian process motion planning via probabilistic inference},
  author={Mukadam, Mustafa and Dong, Jing and Yan, Xinyan and Dellaert, Frank and Boots, Byron},
  journal={The International Journal of Robotics Research},
  volume={37},
  number={11},
  pages={1319--1340},
  year={2018},
  publisher={SAGE Publications Sage UK: London, England}
}

@inproceedings{urain2022learning,
  title={Learning implicit priors for motion optimization},
  author={Urain, Julen and Le, An T and Lambert, Alexander and Chalvatzaki, Georgia and Boots, Byron and Peters, Jan},
  booktitle={2022 IEEE/RSJ International Conference on Intelligent Robots and Systems (IROS)},
  pages={7672--7679},
  year={2022},
  organization={IEEE}
}

@article{yan2024multi,
  title={Multi-Agent Motion Planning with B{\'e}zier Curve Optimization under Kinodynamic Constraints},
  author={Yan, Jingtian and Li, Jiaoyang},
  journal={IEEE Robotics and Automation Letters},
  year={2024},
  publisher={IEEE}
}
@article{honig2019persistent,
  title={Persistent and robust execution of MAPF schedules in warehouses},
  author={H{\"o}nig, Wolfgang and Kiesel, Scott and Tinka, Andrew and Durham, Joseph W and Ayanian, Nora},
  journal={IEEE Robotics and Automation Letters},
  volume={4},
  number={2},
  pages={1125--1131},
  year={2019},
  publisher={IEEE}
}
@inproceedings{li2023intersection,
  title={Intersection coordination with priority-based search for autonomous vehicles},
  author={Li, Jiaoyang and Lin, Eugene and Vu, Hai L and Koenig, Sven and others},
  booktitle={Proceedings of the AAAI Conference on Artificial Intelligence},
  volume={37},
  number={10},
  pages={11578--11585},
  year={2023}
}
@article{nestmeyer2017decentralized,
  title={Decentralized simultaneous multi-target exploration using a connected network of multiple robots},
  author={Nestmeyer, Thomas and Robuffo Giordano, Paolo and B{\"u}lthoff, Heinrich H and Franchi, Antonio},
  journal={Autonomous robots},
  volume={41},
  pages={989--1011},
  year={2017},
  publisher={Springer}
}
@misc{li2024resilientadaptivereplanningmultirobot,
      title={Resilient and Adaptive Replanning for Multi-Robot Target Tracking with Sensing and Communication Danger Zones}, 
      author={Peihan Li and Yuwei Wu and Jiazhen Liu and Gaurav S. Sukhatme and Vijay Kumar and Lifeng Zhou},
      year={2024},
      eprint={2409.11230},
      archivePrefix={arXiv},
      primaryClass={cs.RO},
      url={https://arxiv.org/abs/2409.11230}, 
}
@inproceedings{stern2019multi,
  title={Multi-agent pathfinding: Definitions, variants, and benchmarks},
  author={Stern, Roni and Sturtevant, Nathan and Felner, Ariel and Koenig, Sven and Ma, Hang and Walker, Thayne and Li, Jiaoyang and Atzmon, Dor and Cohen, Liron and Kumar, TK and others},
  booktitle={Proceedings of the International Symposium on Combinatorial Search},
  volume={10},
  number={1},
  pages={151--158},
  year={2019}
}
@article{okumura2023engineering,
  title={Engineering LaCAM\textsuperscript{*}: Towards Real-Time, Large-Scale, and Near-Optimal Multi-Agent Pathfinding},
  author={Okumura, Keisuke},
  journal={arXiv preprint arXiv:2308.04292},
  year={2023}
}
@inproceedings{guo2021continuous,
  title={Continuous-time Gaussian process trajectory generation for multi-robot formation via probabilistic inference},
  author={Guo, Shuang and Liu, Bo and Zhang, Shen and Guo, Jifeng and Wang, Changhong},
  booktitle={2021 IEEE/RSJ International Conference on Intelligent Robots and Systems (IROS)},
  pages={9247--9253},
  year={2021},
  organization={IEEE}
}
@inproceedings{cohen2019optimal,
  title={Optimal and bounded-suboptimal multi-agent motion planning},
  author={Cohen, Liron and Uras, Tansel and Kumar, TK and Koenig, Sven},
  booktitle={Proceedings of the International Symposium on Combinatorial Search},
  volume={10},
  number={1},
  pages={44--51},
  year={2019}
}

@inproceedings{dunbar2002model,
  title={Model predictive control of coordinated multi-vehicle formations},
  author={Dunbar, William B and Murray, Richard M},
  booktitle={Proceedings of the 41st IEEE Conference on Decision and Control, 2002.},
  volume={4},
  pages={4631--4636},
  year={2002},
  organization={IEEE}
}

@article{peyre2019computational,
  title={Computational optimal transport: With applications to data science},
  author={Peyr{\'e}, Gabriel and Cuturi, Marco and others},
  journal={Foundations and Trends{\textregistered} in Machine Learning},
  volume={11},
  number={5-6},
  pages={355--607},
  year={2019},
  publisher={Now Publishers, Inc.}
}

@article{chizat2018scaling,
  title={Scaling algorithms for unbalanced optimal transport problems},
  author={Chizat, Lenaic and Peyr{\'e}, Gabriel and Schmitzer, Bernhard and Vialard, Fran{\c{c}}ois-Xavier},
  journal={Mathematics of computation},
  volume={87},
  number={314},
  pages={2563--2609},
  year={2018}
}

@article{paszke2019pytorch,
  title={Pytorch: An imperative style, high-performance deep learning library},
  author={Paszke, A},
  journal={arXiv preprint arXiv:1912.01703},
  year={2019}
}

@article{fiedler1973algebraic,
  title={Algebraic connectivity of graphs},
  author={Fiedler, Miroslav},
  journal={Czechoslovak mathematical journal},
  volume={23},
  number={2},
  pages={298--305},
  year={1973},
  publisher={Institute of Mathematics, Academy of Sciences of the Czech Republic}
}

@misc{karaman2011samplingbasedalgorithmsoptimalmotion,
      title={Sampling-based Algorithms for Optimal Motion Planning}, 
      author={Sertac Karaman and Emilio Frazzoli},
      year={2011},
      eprint={1105.1186},
      archivePrefix={arXiv},
      primaryClass={cs.RO},
      url={https://arxiv.org/abs/1105.1186}, 
}
@misc{janson2015fastmarchingtreefast,
      title={Fast Marching Tree: a Fast Marching Sampling-Based Method for Optimal Motion Planning in Many Dimensions}, 
      author={Lucas Janson and Edward Schmerling and Ashley Clark and Marco Pavone},
      year={2015},
      eprint={1306.3532},
      archivePrefix={arXiv},
      primaryClass={cs.RO},
      url={https://arxiv.org/abs/1306.3532}, 
}

@article{2007On,
  title={On the Probabilistic Foundations of Probabilistic Roadmap Planning},
  author={ Hsu, David },
  journal={International Journal of Robotics Research},
  volume={25},
  number={7},
  pages={83-97},
  year={2007},
}

@INPROCEEDINGS{844730,
  author={Kuffner, J.J. and LaValle, S.M.},
  booktitle={Proceedings 2000 ICRA. Millennium Conference. IEEE International Conference on Robotics and Automation. Symposia Proceedings (Cat. No.00CH37065)}, 
  title={RRT-connect: An efficient approach to single-query path planning}, 
  year={2000},
  volume={2},
  number={},
  pages={995-1001 vol.2},
  keywords={Path planning;Computer science;Space exploration;Algorithm design and analysis;Humans;Animation;Robotic assembly;Buildings;Tree graphs;Kinematics},
  doi={10.1109/ROBOT.2000.844730}}

@INPROCEEDINGS{5152817,
  author={Ratliff, Nathan and Zucker, Matt and Bagnell, J. Andrew and Srinivasa, Siddhartha},
  booktitle={2009 IEEE International Conference on Robotics and Automation}, 
  title={CHOMP: Gradient optimization techniques for efficient motion planning}, 
  year={2009},
  volume={},
  number={},
  pages={489-494},
  keywords={Motion planning;Robots;Orbital robotics;Legged locomotion;Optimization methods;Optimal control;Robotics and automation;Trajectory;Space technology;Path planning},
  doi={10.1109/ROBOT.2009.5152817}}

  @inproceedings{dragan2011manipulation,
  title={Manipulation planning with goal sets using constrained trajectory optimization},
  author={Dragan, Anca D and Ratliff, Nathan D and Srinivasa, Siddhartha S},
  booktitle={2011 IEEE International Conference on Robotics and Automation},
  pages={4582--4588},
  year={2011},
  organization={IEEE}
}

@inproceedings{kalakrishnan2011stomp,
  title={STOMP: Stochastic trajectory optimization for motion planning},
  author={Kalakrishnan, Mrinal and Chitta, Sachin and Theodorou, Evangelos and Pastor, Peter and Schaal, Stefan},
  booktitle={2011 IEEE international conference on robotics and automation},
  pages={4569--4574},
  year={2011},
  organization={IEEE}
}

@inproceedings{toussaint2009robot,
  title={Robot trajectory optimization using approximate inference},
  author={Toussaint, Marc},
  booktitle={Proceedings of the 26th annual international conference on machine learning},
  pages={1049--1056},
  year={2009}
}

@article{soria2021distributed,
  title={Distributed predictive drone swarms in cluttered environments},
  author={Soria, Enrica and Schiano, Fabrizio and Floreano, Dario},
  journal={IEEE Robotics and Automation Letters},
  volume={7},
  number={1},
  pages={73--80},
  year={2021},
  publisher={IEEE}
}

@article{tordesillas2021mader,
  title={MADER: Trajectory planner in multiagent and dynamic environments},
  author={Tordesillas, Jesus and How, Jonathan P},
  journal={IEEE Transactions on Robotics},
  volume={38},
  number={1},
  pages={463--476},
  year={2021},
  publisher={IEEE}
}

@article{tordesillas2021mader,
  title={MADER: Trajectory planner in multiagent and dynamic environments},
  author={Tordesillas, Jesus and How, Jonathan P},
  journal={IEEE Transactions on Robotics},
  volume={38},
  number={1},
  pages={463--476},
  year={2021},
  publisher={IEEE}
}

@article{sun2016optimal,
  title={Optimal dynamic formation control of multi-agent systems in constrained environments},
  author={Sun, Xinmiao and Cassandras, Christos G},
  journal={Automatica},
  volume={73},
  pages={169--179},
  year={2016},
  publisher={Elsevier}
}

@inproceedings{ali2023safe,
  title={Safe interval path planning with kinodynamic constraints},
  author={Ali, Zain Alabedeen and Yakovlev, Konstantin},
  booktitle={Proceedings of the AAAI Conference on Artificial Intelligence},
  volume={37},
  number={10},
  pages={12330--12337},
  year={2023}
}

@article{vcap2013multi,
  title={Multi-agent RRT*: Sampling-based cooperative pathfinding},
  author={{\v{C}}{\'a}p, Michal and Nov{\'a}k, Peter and Vok{\v{r}}{\'\i}nek, Ji{\v{r}}{\'\i} and P{\v{e}}chou{\v{c}}ek, Michal},
  journal={arXiv preprint arXiv:1302.2828},
  year={2013}
}

@inproceedings{hegde2016multi,
  title={Multi-agent motion planning and coordination in polygonal environments using vector fields and model predictive control},
  author={Hegde, Rashmi and Panagou, Dimitra},
  booktitle={2016 European Control Conference (ECC)},
  pages={1856--1861},
  year={2016},
  organization={IEEE}
}

@article{sun2022multi,
  title={Multi-agent motion planning from signal temporal logic specifications},
  author={Sun, Dawei and Chen, Jingkai and Mitra, Sayan and Fan, Chuchu},
  journal={IEEE Robotics and Automation Letters},
  volume={7},
  number={2},
  pages={3451--3458},
  year={2022},
  publisher={IEEE}
}

@inproceedings{de2024distributed,
  title={Distributed control barrier functions for global connectivity maintenance},
  author={De Carli, Nicola and Salaris, Paolo and Giordano, Paolo Robuffo},
  booktitle={2024 IEEE International Conference on Robotics and Automation (ICRA)},
  pages={12048--12054},
  year={2024},
  organization={IEEE}
}

@inproceedings{maler2004monitoring,
  title={Monitoring temporal properties of continuous signals},
  author={Maler, Oded and Nickovic, Dejan},
  booktitle={International Symposium on Formal Techniques in Real-Time and Fault-Tolerant Systems},
  pages={152--166},
  year={2004},
  organization={Springer}
}

@inproceedings{moldagalieva2024db,
  title={db-cbs: Discontinuity-bounded conflict-based search for multi-robot kinodynamic motion planning},
  author={Moldagalieva, Akmaral and Ortiz-Haro, Joaquim and Toussaint, Marc and H{\"o}nig, Wolfgang},
  booktitle={2024 IEEE International Conference on Robotics and Automation (ICRA)},
  pages={14569--14575},
  year={2024},
  organization={IEEE}
}

@inproceedings{ames2019control,
  title={Control barrier functions: Theory and applications},
  author={Ames, Aaron D and Coogan, Samuel and Egerstedt, Magnus and Notomista, Gennaro and Sreenath, Koushil and Tabuada, Paulo},
  booktitle={2019 18th European control conference (ECC)},
  pages={3420--3431},
  year={2019},
  organization={Ieee}
}

@inproceedings{yang2024integrating,
  title={Integrating Online Learning and Connectivity Maintenance for Communication-Aware Multi-Robot Coordination},
  author={Yang, Yupeng and Lyu, Yiwei and Zhang, Yanze and Gao, Ian and Luo, Wenhao},
  booktitle={2024 IEEE/RSJ International Conference on Intelligent Robots and Systems (IROS)},
  pages={5770--5776},
  year={2024},
  organization={IEEE}
}

@article{qureshi2016potential,
  title={Potential functions based sampling heuristic for optimal path planning},
  author={Qureshi, Ahmed Hussain and Ayaz, Yasar},
  journal={Autonomous Robots},
  volume={40},
  pages={1079--1093},
  year={2016},
  publisher={Springer}
}

@article{tahir2018potentially,
  title={Potentially guided bidirectionalized RRT* for fast optimal path planning in cluttered environments},
  author={Tahir, Zaid and Qureshi, Ahmed H and Ayaz, Yasar and Nawaz, Raheel},
  journal={Robotics and Autonomous Systems},
  volume={108},
  pages={13--27},
  year={2018},
  publisher={Elsevier}
}

@book{ren2008distributed,
  title={Distributed consensus in multi-vehicle cooperative control},
  author={Ren, Wei and Beard, Randal W},
  volume={27},
  number={2},
  year={2008},
  publisher={Springer}
}

@article{altschuler2017near,
  title={Near-linear time approximation algorithms for optimal transport via Sinkhorn iteration},
  author={Altschuler, Jason and Niles-Weed, Jonathan and Rigollet, Philippe},
  journal={Advances in neural information processing systems},
  volume={30},
  year={2017}
}

@article{bartocci2018specification,
  title={Specification-based monitoring of cyber-physical systems: a survey on theory, tools and applications},
  author={Bartocci, Ezio and Deshmukh, Jyotirmoy and Donz{\'e}, Alexandre and Fainekos, Georgios and Maler, Oded and Ni{\v{c}}kovi{\'c}, Dejan and Sankaranarayanan, Sriram},
  journal={Lectures on Runtime Verification: Introductory and Advanced Topics},
  pages={135--175},
  year={2018},
  publisher={Springer}
}

@article{fainekos2009robustness,
  title={Robustness of temporal logic specifications for continuous-time signals},
  author={Fainekos, Georgios E and Pappas, George J},
  journal={Theoretical Computer Science},
  volume={410},
  number={42},
  pages={4262--4291},
  year={2009},
  publisher={Elsevier}
}

@book{lindemann2025formal,
  title={Formal Methods for Multi-Agent Feedback Control Systems},
  author={Lindemann, Lars and Dimarogonas, Dimos V},
  year={2025},
  publisher={MIT Press}
}


@article{deshmukh2017robust,
  title={Robust online monitoring of signal temporal logic},
  author={Deshmukh, Jyotirmoy V and Donz{\'e}, Alexandre and Ghosh, Shromona and Jin, Xiaoqing and Juniwal, Garvit and Seshia, Sanjit A},
  journal={Formal Methods in System Design},
  volume={51},
  pages={5--30},
  year={2017},
  publisher={Springer}
}

@article{schulman2014motion,
  title={Motion planning with sequential convex optimization and convex collision checking},
  author={Schulman, John and Duan, Yan and Ho, Jonathan and Lee, Alex and Awwal, Ibrahim and Bradlow, Henry and Pan, Jia and Patil, Sachin and Goldberg, Ken and Abbeel, Pieter},
  journal={The International Journal of Robotics Research},
  volume={33},
  number={9},
  pages={1251--1270},
  year={2014},
  publisher={SAGE Publications Sage UK: London, England}
}

@book{lavalle2006planning,
  title={Planning Algorithms},
  author={LaValle, Steven M},
  year={2006},
  publisher={Cambridge univ. press}
}

@inproceedings{chen2005formation,
  title={Formation control: a review and a new consideration},
  author={Chen, Yang Quan and Wang, Zhongmin},
  booktitle={2005 IEEE/RSJ International conference on intelligent robots and systems},
  pages={3181--3186},
  year={2005},
  organization={IEEE}
}

@article{pan2007multi,
  title={A multi-agent based framework for the simulation of human and social behaviors during emergency evacuations},
  author={Pan, Xiaoshan and Han, Charles S and Dauber, Ken and Law, Kincho H},
  journal={Ai \& Society},
  volume={22},
  number={2},
  pages={113--132},
  year={2007},
  publisher={Springer}
}

@article{li2009consensus,
  title={Consensus of multiagent systems and synchronization of complex networks: A unified viewpoint},
  author={Li, Zhongkui and Duan, Zhisheng and Chen, Guanrong and Huang, Lin},
  journal={IEEE Transactions on Circuits and Systems I: Regular Papers},
  volume={57},
  number={1},
  pages={213--224},
  year={2009},
  publisher={IEEE}
}

@book{mesbahi2010graph,
  title={Graph theoretic methods in multiagent networks},
  author={Mesbahi, Mehran and Egerstedt, Magnus},
  volume={33},
  year={2010},
  publisher={Princeton University Press}
}

@article{guo2016task,
  title={Task and motion coordination for heterogeneous multiagent systems with loosely coupled local tasks},
  author={Guo, Meng and Dimarogonas, Dimos V},
  journal={IEEE Transactions on Automation Science and Engineering},
  volume={14},
  number={2},
  pages={797--808},
  year={2016},
  publisher={IEEE}
}

@article{schillinger2018simultaneous,
  title={Simultaneous task allocation and planning for temporal logic goals in heterogeneous multi-robot systems},
  author={Schillinger, Philipp and B{\"u}rger, Mathias and Dimarogonas, Dimos V},
  journal={The international journal of robotics research},
  volume={37},
  number={7},
  pages={818--838},
  year={2018},
  publisher={Sage Publications Sage UK: London, England}
}

@article{kantaros2020stylus,
  title={Stylus*: A temporal logic optimal control synthesis algorithm for large-scale multi-robot systems},
  author={Kantaros, Yiannis and Zavlanos, Michael M},
  journal={The International Journal of Robotics Research},
  volume={39},
  number={7},
  pages={812--836},
  year={2020},
  publisher={SAGE Publications Sage UK: London, England}
}

@article{luo2021abstraction,
  title={An abstraction-free method for multirobot temporal logic optimal control synthesis},
  author={Luo, Xusheng and Kantaros, Yiannis and Zavlanos, Michael M},
  journal={IEEE Transactions on Robotics},
  year={2021},
  publisher={IEEE}
}

@article{luo2021temporal,
  title={Temporal Logic Task Allocation in Heterogeneous Multi-Robot Systems},
  author={Luo, Xusheng and Zavlanos, Michael M},
  journal={arXiv preprint arXiv:2101.05694},
  year={2021}
}

@book{baier2008principles,
  title={Principles of model checking},
  author={Baier, Christel and Katoen, Joost-Pieter},
  year={2008},
  publisher={MIT press}
}

@article{sahin2019multirobot,
  title={Multirobot coordination with counting temporal logics},
  author={Sahin, Yunus Emre and Nilsson, Petter and Ozay, Necmiye},
  journal={IEEE Transactions on Robotics},
  volume={36},
  number={4},
  pages={1189--1206},
  year={2019},
  publisher={IEEE}
}

@inproceedings{jones2019scratchs,
  title={ScRATCHS: Scalable and robust algorithms for task-based coordination from high-level specifications},
  author={Jones, Austin M and Leahy, Kevin and Vasile, Cristian and Sadraddini, Sadra and Serlin, Zachary and Tron, Roberto and Belta, Calin},
  booktitle={Proc. Int. Symp. Robot. Res.},
  pages={1--16},
  year={2019}
}

@article{leahy2021scalable,
  title={Scalable and robust algorithms for task-based coordination from high-level specifications (ScRATCHeS)},
  author={Leahy, Kevin and Serlin, Zachary and Vasile, Cristian-Ioan and Schoer, Andrew and Jones, Austin M and Tron, Roberto and Belta, Calin},
  journal={IEEE Transactions on Robotics},
  volume={38},
  number={4},
  pages={2516--2535},
  year={2021},
  publisher={IEEE}
}

@book{ghallab2004automated,
  title={Automated Planning: theory and practice},
  author={Ghallab, Malik and Nau, Dana and Traverso, Paolo},
  year={2004},
  publisher={Elsevier}
}

@article{hochba1997approximation,
  title={Approximation algorithms for NP-hard problems},
  author={Hochba, Dorit S},
  journal={ACM Sigact News},
  volume={28},
  number={2},
  pages={40--52},
  year={1997},
  publisher={ACM New York, NY, USA}
}

@book{bovet1994introduction,
  title={Introduction to the Theory of Complexity},
  author={Bovet, Daniel Pierre and Crescenzi, Pierluigi and Bovet, D},
  volume={7},
  year={1994},
  publisher={Prentice Hall London}
}

@article{braysy2005vehicle,
  title={Vehicle routing problem with time windows, Part I: Route construction and local search algorithms},
  author={Br{\"a}ysy, Olli and Gendreau, Michel},
  journal={Transportation science},
  volume={39},
  number={1},
  pages={104--118},
  year={2005},
  publisher={INFORMS}
}

@inproceedings{labadie2014iterated,
  title={Iterated Local Search for a Vehicle Routing Problem with Synchronization Constraints.},
  author={Labadie, Nacima and Prins, Christian and Yang, Yanyan},
  booktitle={ICORES},
  pages={257--263},
  year={2014}
}

@article{sayadi2010discrete,
  title={A discrete firefly meta-heuristic with local search for makespan minimization in permutation flow shop scheduling problems},
  author={Sayadi, M and Ramezanian, Reza and Ghaffari-Nasab, Nader},
  journal={International Journal of Industrial Engineering Computations},
  volume={1},
  number={1},
  pages={1--10},
  year={2010}
}

@article{grabowski2005some,
  title={Some local search algorithms for no-wait flow-shop problem with makespan criterion},
  author={Grabowski, Jozef and Pempera, Jaros{\l}aw},
  journal={Computers \& Operations Research},
  volume={32},
  number={8},
  pages={2197--2212},
  year={2005},
  publisher={Elsevier}
}

@article{abdel2018hybrid,
  title={A hybrid whale optimization algorithm based on local search strategy for the permutation flow shop scheduling problem},
  author={Abdel-Basset, Mohamed and Manogaran, Gunasekaran and El-Shahat, Doaa and Mirjalili, Seyedali},
  journal={Future Generation Computer Systems},
  volume={85},
  pages={129--145},
  year={2018},
  publisher={Elsevier}
}

@article{vaessens1996job,
  title={Job shop scheduling by local search},
  author={Vaessens, Robert Johannes Maria and Aarts, Emile HL and Lenstra, Jan Karel},
  journal={Informs Journal on computing},
  volume={8},
  number={3},
  pages={302--317},
  year={1996},
  publisher={INFORMS}
}

@book{hoos2004stochastic,
  title={Stochastic local search: Foundations and applications},
  author={Hoos, Holger H and St{\"u}tzle, Thomas},
  year={2004},
  publisher={Elsevier}
}

@article{funke2005local,
  title={Local search for vehicle routing and scheduling problems: Review and conceptual integration},
  author={Funke, Birger and Gr{\"u}nert, Tore and Irnich, Stefan},
  journal={Journal of heuristics},
  volume={11},
  number={4},
  pages={267--306},
  year={2005},
  publisher={Springer}
}

@article{toth2002overview,
  title={An overview of vehicle routing problems},
  author={Toth, Paolo and Vigo, Daniele},
  journal={The vehicle routing problem},
  pages={1--26},
  year={2002},
  publisher={SIAM}
}

@inproceedings{varava2017herding,
  title={Herding by Caging: a Topological Approach towards Guiding Moving Agents via Mobile Robots.},
  author={Varava, Anastasiia and Hang, Kaiyu and Kragic, Danica and Pokorny, Florian T},
  booktitle={Robotics: Science and Systems},
  pages={696--700},
  year={2017}
}

@article{ramchurn2010decentralized,
  title={Decentralized coordination in robocup rescue},
  author={Ramchurn, Sarvapali D and Farinelli, Alessandro and Macarthur, Kathryn S and Jennings, Nicholas R},
  journal={The Computer Journal},
  volume={53},
  number={9},
  pages={1447--1461},
  year={2010},
  publisher={Oxford University Press}
}

@inproceedings{cliff2015online,
  title={Online localization of radio-tagged wildlife with an autonomous aerial robot system},
  author={Cliff, Oliver M and Fitch, Robert and Sukkarieh, Salah and Saunders, Debra L and Heinsohn, Robert},
  booktitle={Robotics: Science and Systems},
  year={2015}
}

@article{arai2002advances,
  title={Advances in multi-robot systems},
  author={Arai, Tamio and Pagello, Enrico and Parker, Lynne E and others},
  journal={IEEE Transactions on robotics and automation},
  volume={18},
  number={5},
  pages={655--661},
  year={2002},
  publisher={Citeseer}
}

@inproceedings{fink2008multi,
  title={Multi-robot manipulation via caging in environments with obstacles},
  author={Fink, Jonathan and Hsieh, M Ani and Kumar, Vijay},
  booktitle={2008 IEEE International Conference on Robotics and Automation},
  pages={1471--1476},
  year={2008},
  organization={IEEE}
}

@article{ulusoy2013optimality,
  title={Optimality and robustness in multi-robot path planning with temporal logic constraints},
  author={Ulusoy, Alphan and Smith, Stephen L and Ding, Xu Chu and Belta, Calin and Rus, Daniela},
  journal={The International Journal of Robotics Research},
  volume={32},
  number={8},
  pages={889--911},
  year={2013},
  publisher={SAGE Publications Sage UK: London, England}
}

@article{guo2018multirobot,
  title={Multirobot data gathering under buffer constraints and intermittent communication},
  author={Guo, Meng and Zavlanos, Michael M},
  journal={IEEE transactions on robotics},
  volume={34},
  number={4},
  pages={1082--1097},
  year={2018},
  publisher={IEEE}
}

@article{marinakis2019multi,
  title={A multi-adaptive particle swarm optimization for the vehicle routing problem with time windows},
  author={Marinakis, Yannis and Marinaki, Magdalene and Migdalas, Athanasios},
  journal={Information Sciences},
  volume={481},
  pages={311--329},
  year={2019},
  publisher={Elsevier}
}

@article{guo2015multi,
  title={Multi-agent plan reconfiguration under local LTL specifications},
  author={Guo, Meng and Dimarogonas, Dimos V},
  journal={The International Journal of Robotics Research},
  volume={34},
  number={2},
  pages={218--235},
  year={2015},
  publisher={SAGE Publications Sage UK: London, England}
}

@article{tumova2016multi,
  title={Multi-agent planning under local LTL specifications and event-based synchronization},
  author={Tumova, Jana and Dimarogonas, Dimos V},
  journal={Automatica},
  volume={70},
  pages={239--248},
  year={2016},
  publisher={Elsevier}
}

@article{torreno2017cooperative,
  title={Cooperative multi-agent planning: A survey},
  author={Torre{\~n}o, Alejandro and Onaindia, Eva and Komenda, Anton{\'\i}n and {\v{S}}tolba, Michal},
  journal={ACM Computing Surveys (CSUR)},
  volume={50},
  number={6},
  pages={1--32},
  year={2017},
  publisher={ACM New York, NY, USA}
}

@inproceedings{gini2017multi,
  title={Multi-robot allocation of tasks with temporal and ordering constraints},
  author={Gini, Maria},
  booktitle={AAAI Conference on Artificial Intelligence},
  year={2017}
}

@inproceedings{boerkoel2013distributed,
  title={Distributed algorithms for incrementally maintaining multiagent simple temporal networks},
  author={Boerkoel Jr, James C and Planken, L{\'e}on R and Wilcox, Ronald J and Shah, Julie A},
  booktitle={International Conference on Automated Planning and Scheduling},
  year={2013}
}

@article{luo2015distributed,
  title={Distributed algorithms for multirobot task assignment with task deadline constraints},
  author={Luo, Lingzhi and Chakraborty, Nilanjan and Sycara, Katia},
  journal={IEEE Transactions on Automation Science and Engineering},
  volume={12},
  number={3},
  pages={876--888},
  year={2015},
  publisher={IEEE}
}

@article{fukasawa2006robust,
  title={Robust branch-and-cut-and-price for the capacitated vehicle routing problem},
  author={Fukasawa, Ricardo and Longo, Humberto and Lysgaard, Jens and De Arag{\~a}o, Marcus Poggi and Reis, Marcelo and Uchoa, Eduardo and Werneck, Renato F},
  journal={Mathematical programming},
  volume={106},
  number={3},
  pages={491--511},
  year={2006},
  publisher={Springer}
}

@article{khamis2015multi,
  title={Multi-robot task allocation: A review of the state-of-the-art},
  author={Khamis, Alaa and Hussein, Ahmed and Elmogy, Ahmed},
  journal={Cooperative Robots and Sensor Networks 2015},
  pages={31--51},
  year={2015},
  publisher={Springer}
}

@inproceedings{nunes2015multi,
  title={Multi-robot auctions for allocation of tasks with temporal constraints},
  author={Nunes, Ernesto and Gini, Maria},
  booktitle={Proceedings of the AAAI Conference on Artificial Intelligence},
  volume={29},
  number={1},
  year={2015}
}

@article{lahijanian2011temporal,
  title={Temporal logic motion planning and control with probabilistic satisfaction guarantees},
  author={Lahijanian, Morteza and Andersson, Sean B and Belta, Calin},
  journal={IEEE Transactions on Robotics},
  volume={28},
  number={2},
  pages={396--409},
  year={2011},
  publisher={IEEE}
}

@article{guo2018probabilistic,
  title={Probabilistic motion planning under temporal tasks and soft constraints},
  author={Guo, Meng and Zavlanos, Michael M},
  journal={IEEE Transactions on Automatic Control},
  volume={63},
  number={12},
  pages={4051--4066},
  year={2018},
  publisher={IEEE}
}

@article{chen2011formal,
  title={Formal approach to the deployment of distributed robotic teams},
  author={Chen, Yushan and Ding, Xu Chu and Stefanescu, Alin and Belta, Calin},
  journal={IEEE Transactions on Robotics},
  volume={28},
  number={1},
  pages={158--171},
  year={2011},
  publisher={IEEE}
}

@article{brucker1994branch,
  title={A branch and bound algorithm for the job-shop scheduling problem},
  author={Brucker, Peter and Jurisch, Bernd and Sievers, Bernd},
  journal={Discrete applied mathematics},
  volume={49},
  number={1-3},
  pages={107--127},
  year={1994},
  publisher={Elsevier}
}

@article{junger1995traveling,
  title={The traveling salesman problem},
  author={J{\"u}nger, Michael and Reinelt, Gerhard and Rinaldi, Giovanni},
  journal={Handbooks in operations research and management science},
  volume={7},
  pages={225--330},
  year={1995},
  publisher={Elsevier}
}

@article{lawler1966branch,
  title={Branch-and-bound methods: A survey},
  author={Lawler, Eugene L and Wood, David E},
  journal={Operations research},
  volume={14},
  number={4},
  pages={699--719},
  year={1966},
  publisher={INFORMS}
}

@article{morrison2016branch,
  title={Branch-and-bound algorithms: A survey of recent advances in searching, branching, and pruning},
  author={Morrison, David R and Jacobson, Sheldon H and Sauppe, Jason J and Sewell, Edward C},
  journal={Discrete Optimization},
  volume={19},
  pages={79--102},
  year={2016},
  publisher={Elsevier}
}

@article{dowsland2012simulated,
  title={Simulated annealing},
  author={Dowsland, Kathryn Anne and Thompson, Jonathan},
  journal={Handbook of natural computing},
  pages={1623--1655},
  year={2012},
  publisher={Springer-Verlag}
}

@inproceedings{nejad2009max,
  title={Max-consensus in a max-plus algebraic setting: The case of fixed communication topologies},
  author={Nejad, Behrang Monajemi and Attia, Sid Ahmed and Raisch, Jorg},
  booktitle={International Symposium on Information, Communication and Automation Technologies},
  pages={1--7},
  year={2009},
  organization={IEEE}
}

@article{shukla2016application,
  title={Application of robotics in offshore oil and gas industry—A review Part II},
  author={Shukla, Amit and Karki, Hamad},
  journal={Robotics and Autonomous Systems},
  volume={75},
  pages={508--524},
  year={2016},
  publisher={Elsevier}
}

@article{bock2007construction,
  title={Construction robotics},
  author={Bock, Thomas},
  journal={Autonomous Robots},
  volume={22},
  number={3},
  pages={201--209},
  year={2007},
  publisher={Springer}
}

@article{massin2017coalition,
  title={A coalition formation game for distributed node clustering in mobile ad hoc networks},
  author={Massin, Rapha{\"e}l and Le Martret, Christophe J and Ciblat, Philippe},
  journal={IEEE Transactions on Wireless Communications},
  volume={16},
  number={6},
  pages={3940--3952},
  year={2017},
  publisher={IEEE}
}

@article{apt2009generic,
  title={A generic approach to coalition formation},
  author={Apt, Krzysztof R and Witzel, Andreas},
  journal={International game theory review},
  volume={11},
  number={03},
  pages={347--367},
  year={2009},
  publisher={World Scientific}
}

@inproceedings{menghi2018multi,
  title={Multi-robot LTL planning under uncertainty},
  author={Menghi, Claudio and Garcia, Sergio and Pelliccione, Patrizio and Tumova, Jana},
  booktitle={International Symposium on Formal Methods},
  pages={399--417},
  year={2018},
  organization={Springer}
}

@inproceedings{kantaros2018distributed,
  title={Distributed optimal control synthesis for multi-robot systems under global temporal tasks},
  author={Kantaros, Yiannis and Zavlanos, Michael M},
  booktitle={2018 ACM/IEEE 9th International Conference on Cyber-Physical Systems (ICCPS)},
  pages={162--173},
  year={2018},
  organization={IEEE}
}

@inproceedings{hustiu2020distributed,
  title={Distributed path planning of mobile robots with ltl specifications},
  author={Hustiu, Ioana and Kloetzer, Marius and Mahulea, Cristian},
  booktitle={2020 24th International Conference on System Theory, Control and Computing (ICSTCC)},
  pages={60--65},
  year={2020},
  organization={IEEE}
}

@phdthesis{schillinger2019specification,
  title={Specification Decomposition and Formal Behavior Generation in Multi-Robot Systems},
  author={Schillinger, Philipp},
  year={2019},
  school={KTH Royal Institute of Technology}
}

@article{vig2006multi,
  title={Multi-robot coalition formation},
  author={Vig, Lovekesh and Adams, Julie A},
  journal={IEEE transactions on robotics},
  volume={22},
  number={4},
  pages={637--649},
  year={2006},
  publisher={IEEE}
}

@book{michiels2007theoretical,
  title={Theoretical aspects of local search},
  author={Michiels, Wil and Aarts, Emile HL and Korst, Jan},
  volume={13},
  year={2007},
  publisher={Springer}
}

@book{kleinberg2006algorithm,
  title={Algorithm design},
  author={Kleinberg, Jon and Tardos, Eva},
  year={2006},
  publisher={Pearson Education India}
}

@article{hirsch2005unitwalk,
  title={UnitWalk: A new SAT solver that uses local search guided by unit clause elimination},
  author={Hirsch, Edward A and Kojevnikov, Arist},
  journal={Annals of Mathematics and Artificial Intelligence},
  volume={43},
  number={1},
  pages={91--111},
  year={2005},
  publisher={Springer}
}

@article{voudouris1999guided,
  title={Guided local search and its application to the traveling salesman problem},
  author={Voudouris, Christos and Tsang, Edward},
  journal={European journal of operational research},
  volume={113},
  number={2},
  pages={469--499},
  year={1999},
  publisher={Elsevier}
}

@article{verhoeven1995parallel,
  title={Parallel local search},
  author={Verhoeven, Marcus Gerardus Aldegonda and Aarts, Emile HL},
  journal={Journal of heuristics},
  volume={1},
  number={1},
  pages={43--65},
  year={1995},
  publisher={Springer}
}

@article{barbucha2014cooperative,
  title={A cooperative population learning algorithm for vehicle routing problem with time windows},
  author={Barbucha, Dariusz},
  journal={Neurocomputing},
  volume={146},
  pages={210--229},
  year={2014},
  publisher={Elsevier}
}

@article{meignan2010coalition,
  title={Coalition-based metaheuristic: a self-adaptive metaheuristic using reinforcement learning and mimetism},
  author={Meignan, David and Koukam, Abderrafiaa and Cr{\'e}put, Jean-Charles},
  journal={Journal of Heuristics},
  volume={16},
  number={6},
  pages={859--879},
  year={2010},
  publisher={Springer}
}

@misc{glop,
author={Google Linear Optimization Solver},
howpublished={\texttt{\url{https://developers.google.com/optimization/lp}}}
}

@ARTICLE{chen2024accelerated,
  author={Chen, Junfeng and Tang, Zili and Guo, Meng},
  journal={IEEE Robotics and Automation Letters}, 
  title={Accelerated K-Serial Stable Coalition for Dynamic Capture and Resource Defense}, 
  year={2024},
  volume={9},
  number={1},
  pages={443-450}
  }
  
@article{liu2024fast,
  title={Fast and Adaptive Multi-Agent Planning under Collaborative Temporal Logic Tasks via Poset Products},
  author={Liu, Zesen and Guo, Meng and Bao, Weimin and Li, Zhongkui},
  journal={Research},
  volume={7},
  pages={0337},
  year={2024},
  publisher={AAAS}
}

@article{liu2024time,
  title={Time minimization and online synchronization for multi-agent systems under collaborative temporal logic tasks},
  author={Liu, Zesen and Guo, Meng and Li, Zhongkui},
  journal={Automatica},
  volume={159},
  pages={111377},
  year={2024},
  publisher={Elsevier}
}

@book{burkard2012assignment,
  title={Assignment problems: revised reprint},
  author={Burkard, Rainer and Dell'Amico, Mauro and Martello, Silvano},
  year={2012},
  publisher={SIAM}
}

@inproceedings{holz2010evaluating,
  title={Evaluating the efficiency of frontier-based exploration strategies},
  author={Holz, Dirk and Basilico, Nicola and Amigoni, Francesco and Behnke, Sven},
  booktitle={International Symposium on Robotics},
  pages={1--8},
  year={2010},
  organization={VDE}
}

@article{duberg2022ufoexplorer,
  title={Ufoexplorer: Fast and scalable sampling-based exploration with a graph-based planning structure},
  author={Duberg, Daniel and Jensfelt, Patric},
  journal={IEEE Robotics and Automation Letters},
  volume={7},
  number={2},
  pages={2487--2494},
  year={2022},
  publisher={IEEE}
}

@article{leung2023backpropagation,
  title={Backpropagation through signal temporal logic specifications: Infusing logical structure into gradient-based methods},
  author={Leung, Karen and Ar{\'e}chiga, Nikos and Pavone, Marco},
  journal={The International Journal of Robotics Research},
  volume={42},
  number={6},
  pages={356--370},
  year={2023},
  publisher={SAGE Publications Sage UK: London, England}
}

@article{kurtz2022mixed,
  title={Mixed-integer programming for signal temporal logic with fewer binary variables},
  author={Kurtz, Vincent and Lin, Hai},
  journal={IEEE Control Systems Letters},
  volume={6},
  pages={2635--2640},
  year={2022},
  publisher={IEEE}
}

@article{kashyap2025simulations,
  title={From simulations to reality: enhancing multi-robot exploration for urban search and rescue},
  author={Kashyap, Gautam Siddharth and Mahajan, Deepkashi and Phukan, Orchid Chetia and Kumar, Ankit and Brownlee, Alexander EI and Gao, Jiechao},
  journal={International Journal of Information Technology},
  pages={1--12},
  year={2025},
  publisher={Springer}
}

@article{kumar2024novel,
  title={A novel hybrid framework for single and multi-robot path planning in a complex industrial environment},
  author={Kumar, Sunil and Sikander, Afzal},
  journal={Journal of Intelligent Manufacturing},
  volume={35},
  number={2},
  pages={587--612},
  year={2024},
  publisher={Springer}
}

@article{alonso2017multi,
  title={Multi-robot formation control and object transport in dynamic environments via constrained optimization},
  author={Alonso-Mora, Javier and Baker, Stuart and Rus, Daniela},
  journal={The International Journal of Robotics Research},
  volume={36},
  number={9},
  pages={1000--1021},
  year={2017},
  publisher={SAGE Publications Sage UK: London, England}
}

@article{antonelli2014decentralized,
  title={Decentralized time-varying formation control for multi-robot systems},
  author={Antonelli, Gianluca and Arrichiello, Filippo and Caccavale, Fabrizio and Marino, Alessandro},
  journal={The International Journal of Robotics Research},
  volume={33},
  number={7},
  pages={1029--1043},
  year={2014},
  publisher={SAGE Publications Sage UK: London, England}
}

@article{khateri2019comparison,
  title={A comparison between decentralized local and global methods for connectivity maintenance of multi-robot networks},
  author={Khateri, Koresh and Pourgholi, Mahdi and Montazeri, Mohsen and Sabattini, Lorenzo},
  journal={IEEE Robotics and Automation Letters},
  volume={4},
  number={2},
  pages={633--640},
  year={2019},
  publisher={IEEE}
}

@article{sabattini2013distributed,
  title={Distributed control of multirobot systems with global connectivity maintenance},
  author={Sabattini, Lorenzo and Secchi, Cristian and Chopra, Nikhil and Gasparri, Andrea},
  journal={IEEE Transactions on Robotics},
  volume={29},
  number={5},
  pages={1326--1332},
  year={2013},
  publisher={IEEE}
}

@article{guo2016communication,
  title={Communication-free multi-agent control under local temporal tasks and relative-distance constraints},
  author={Guo, Meng and Tumova, Jana and Dimarogonas, Dimos V},
  journal={IEEE Transactions on Automatic Control},
  volume={61},
  number={12},
  pages={3948--3962},
  year={2016},
  publisher={IEEE}
}

@article{alonso2019distributed,
  title={Distributed multi-robot formation control in dynamic environments},
  author={Alonso-Mora, Javier and Montijano, Eduardo and N{\"a}geli, Tobias and Hilliges, Otmar and Schwager, Mac and Rus, Daniela},
  journal={Autonomous Robots},
  volume={43},
  number={5},
  pages={1079--1100},
  year={2019},
  publisher={Springer}
}

@article{cortes2017coordinated,
  title={Coordinated control of multi-robot systems: A survey},
  author={Cort{\'e}s, Jorge and Egerstedt, Magnus},
  journal={SICE Journal of Control, Measurement, and System Integration},
  volume={10},
  number={6},
  pages={495--503},
  year={2017},
  publisher={Taylor \& Francis}
}

@article{han2019robust,
  title={Robust multitask formation control via parametric Lyapunov-like barrier functions},
  author={Han, Dongkun and Panagou, Dimitra},
  journal={IEEE Transactions on Automatic Control},
  volume={64},
  number={11},
  pages={4439--4453},
  year={2019},
  publisher={IEEE}
}

@inproceedings{li2020moving,
  title={Moving agents in formation in congested environments},
  author={Li, Jiaoyang and Sun, Kexuan and Ma, Hang and Felner, Ariel and Kumar, TK and Koenig, Sven},
  booktitle={Proceedings of the International Symposium on Combinatorial Search},
  volume={11},
  number={1},
  pages={131--132},
  year={2020}
}

@article{kantaros2021sampling,
  title={Sampling-based planning for non-myopic multi-robot information gathering},
  author={Kantaros, Yiannis and Schlotfeldt, Brent and Atanasov, Nikolay and Pappas, George J},
  journal={Autonomous Robots},
  volume={45},
  number={7},
  pages={1029--1046},
  year={2021},
  publisher={Springer}
}

@article{dayan2023near,
  title={Near-optimal multi-robot motion planning with finite sampling},
  author={Dayan, Dror and Solovey, Kiril and Pavone, Marco and Halperin, Dan},
  journal={IEEE Transactions on Robotics},
  volume={39},
  number={5},
  pages={3422--3436},
  year={2023},
  publisher={IEEE}
}

@article{cardona2024planning,
  title={Planning for heterogeneous teams of robots with temporal logic, capability, and resource constraints},
  author={Cardona, Gustavo A and Vasile, Cristian-Ioan},
  journal={The International Journal of Robotics Research},
  volume={43},
  number={13},
  pages={2089--2111},
  year={2024},
  publisher={SAGE Publications Sage UK: London, England}
}

@inproceedings{fainekos2009temporal,
  title={Temporal logic motion planning for dynamic robots},
  author={Fainekos, Georgios and Pappas, George J},
  booktitle={2009 American Control Conference},
  pages={152--157},
  year={2009},
  organization={IEEE}
}

@article{lindemann2021control,
  title={Control synthesis for signal temporal logic specifications using control barrier functions},
  author={Lindemann, Laura and Sadraddini, Sadra and Belta, Calin},
  journal={IEEE Control Systems Letters},
  volume={5},
  number={3},
  pages={787--792},
  year={2021},
  publisher={IEEE}
}

@article{pant2018smooth,
  title={Smooth operator: Control using the smooth robustness of temporal logic},
  author={Pant, Yash Vardhan and Vardi, Moshe Y and Ames, Aaron D},
  journal={IEEE Control Systems Letters},
  volume={2},
  number={4},
  pages={889--894},
  year={2018},
  publisher={IEEE}
}

@inproceedings{liu2022stlq,
  title={STLQ: A quantitative Signal Temporal Logic motion planning framework for multi-robot systems},
  author={Liu, Yuxiao and Sadraddini, Sadra and Belta, Calin},
  booktitle={IEEE/RSJ International Conference on Intelligent Robots and Systems (IROS)},
  pages={7646--7653},
  year={2022},
  organization={IEEE}
}

@article{leung2020distributed,
  title={Distributed synthesis of multi-agent systems with temporal logic specifications},
  author={Leung, Katherine and Raman, Vishnu and Ozay, Necmiye},
  journal={IEEE Transactions on Control of Network Systems},
  volume={7},
  number={1},
  pages={490--500},
  year={2020},
  publisher={IEEE}
}

@article{chen2021decentralized,
  title={Decentralized task allocation in multi-robot systems with STL constraints},
  author={Chen, Yu and Mitra, Sayan and Saha, Somesh},
  journal={IEEE Transactions on Robotics},
  volume={37},
  number={4},
  pages={1121--1136},
  year={2021},
  publisher={IEEE}
}

@inproceedings{deshmukh2023scalable,
  title={Scalable decentralized STL planning for multi-robot systems with partial communication},
  author={Deshmukh, Pradeep and Lee, Edward A. and Sadraddini, Sadra},
  booktitle={Proceedings of Robotics: Science and Systems (RSS)},
  year={2023}
}

@article{aksaray2022online,
  title={Online control synthesis for signal temporal logic tasks using learning-based methods},
  author={Aksaray, Dejan and Wang, Yuan and Belta, Calin},
  journal={Autonomous Robots},
  volume={46},
  pages={243--260},
  year={2022},
  publisher={Springer}
}

@article{le2023accelerating,
  title={Accelerating motion planning via optimal transport},
  author={Le, An T and Chalvatzaki, Georgia and Biess, Armin and Peters, Jan R},
  journal={Advances in Neural Information Processing Systems},
  volume={36},
  pages={78453--78482},
  year={2023}
}

@article{ratliff2009learning,
  title={Learning to search: Functional gradient techniques for imitation learning},
  author={Ratliff, Nathan and Bagnell, J Andrew and Zinkevich, Martin},
  journal={Autonomous Robots},
  volume={27},
  number={1},
  pages={25--53},
  year={2009},
  publisher={Springer}
}

@inproceedings{marinho2016functional,
  title={Functional gradient motion planning in reproducing kernel Hilbert spaces},
  author={Marinho, Miguel and Buchli, Jonas and Stulp, Freek},
  booktitle={Proceedings of the IEEE/RSJ International Conference on Intelligent Robots and Systems (IROS)},
  pages={327--334},
  year={2016},
  organization={IEEE}
}

@inproceedings{ravankar2020trajectory,
  title={Trajectory optimization using entropy-regularized optimal transport},
  author={Ravankar, Arjun and Ravankar, Avinash and Kobayashi, Yoichi},
  booktitle={International Conference on Control, Automation and Systems (ICCAS)},
  pages={991--996},
  year={2020},
  organization={IEEE}
}

@inproceedings{chen2020optimal,
  title={Optimal transport based distributional soft actor critic},
  author={Chen, Cheng and Yang, Yujing and Xu, Min and Liu, Qiang and et al.},
  booktitle={International Conference on Learning Representations (ICLR)},
  year={2020}
}

@article{cuturi2013sinkhorn,
  title={Sinkhorn distances: Lightspeed computation of optimal transport},
  author={Cuturi, Marco},
  journal={Advances in Neural Information Processing Systems},
  volume={26},
  pages={2292--2300},
  year={2013}
}

@inproceedings{genevay2016stochastic,
  title={Stochastic Optimization for Large-Scale Optimal Transport},
  author={Genevay, Aude and Peyr{\'e}, Gabriel and Cuturi, Marco},
  booktitle={Advances in Neural Information Processing Systems (NeurIPS)},
  volume={29},
  year={2016}
}

@inproceedings{lin2020efficient,
  title={On the Efficiency of Sinkhorn Algorithm for Regularized Optimal Transport},
  author={Lin, Tsung-Yu and Ho, Nhat and Cuturi, Marco},
  booktitle={Advances in Neural Information Processing Systems (NeurIPS)},
  volume={33},
  pages={2250--2260},
  year={2020}
}


@article{liu2023path,
  title={Path planning techniques for mobile robots: Review and prospect},
  author={Liu, Lixing and Wang, Xu and Yang, Xin and Liu, Hongjie and Li, Jianping and Wang, Pengfei},
  journal={Expert Systems with Applications},
  volume={227},
  pages={120254},
  year={2023},
  publisher={Elsevier}
}

@article{stilman2005navigation,
  title={Navigation among movable obstacles: Real-time reasoning in complex environments},
  author={Stilman, Mike and Kuffner, James J},
  journal={International Journal of Humanoid Robotics},
  volume={2},
  number={04},
  pages={479--503},
  year={2005},
  publisher={World Scientific}
}

@inproceedings{stilman2007manipulation,
  title={Manipulation planning among movable obstacles},
  author={Stilman, Mike and Schamburek, Jan-Ullrich and Kuffner, James and Asfour, Tamim},
  booktitle={Proceedings 2007 IEEE international conference on robotics and automation},
  pages={3327--3332},
  year={2007},
  organization={IEEE}
}

@inproceedings{yao2024local,
  title={Local path planning among pushable objects based on reinforcement learning},
  author={Yao, Linghong and Modugno, Valerio and Delfaki, Andromachi Maria and Liu, Yuanchang and Stoyanov, Danail and Kanoulas, Dimitrios},
  booktitle={2024 IEEE/RSJ International Conference on Intelligent Robots and Systems (IROS)},
  pages={3062--3068},
  year={2024},
  organization={IEEE}
}

@article{tang2024collaborative,
  title={Collaborative Planar Pushing of Polytopic Objects with Multiple Robots in Complex Scenes},
  author={Tang, Zili and Feng, Yuming and Guo, Meng},
  journal={arXiv preprint arXiv:2405.07908},
  year={2024}
}

@inproceedings{ren2025search,
  title={Search-Based Path Planning in Interactive Environments among Movable Obstacles},
  author={Ren, Zhongqiang and Suvonov, Bunyod and Chen, Guofei and He, Botao and Liao, Yijie and Fermuller, Cornelia and Zhang, Ji},
  booktitle={2025 IEEE International Conference on Robotics and Automation (ICRA)},
  pages={533--539},
  year={2025},
  organization={IEEE}
}

@article{ni2023progressive,
  title={Progressive learning for physics-informed neural motion planning},
  author={Ni, Ruiqi and Qureshi, Ahmed H},
  journal={arXiv preprint arXiv:2306.00616},
  year={2023}
}

@article{liu2025physics,
  title={Physics-informed neural mapping and motion planning in unknown environments},
  author={Liu, Yuchen and Ni, Ruiqi and Qureshi, Ahmed H},
  journal={IEEE Transactions on Robotics},
  year={2025},
  publisher={IEEE}
}

@inproceedings{ni2024physics,
  title={Physics-informed neural motion planning on constraint manifolds},
  author={Ni, Ruiqi and Qureshi, Ahmed H},
  booktitle={2024 IEEE International Conference on Robotics and Automation (ICRA)},
  pages={12179--12185},
  year={2024},
  organization={IEEE}
}

@inproceedings{lin2019efficient,
  title={Efficient humanoid contact planning using learned centroidal dynamics prediction},
  author={Lin, Yu-Chi and Ponton, Brahayam and Righetti, Ludovic and Berenson, Dmitry},
  booktitle={2019 International Conference on Robotics and Automation (ICRA)},
  pages={5280--5286},
  year={2019},
  organization={IEEE}
}

@article{rouxel2024multi,
  title={Multi-contact whole-body force control for position-controlled robots},
  author={Rouxel, Quentin and Ivaldi, Serena and Mouret, Jean-Baptiste},
  journal={IEEE Robotics and Automation Letters},
  volume={9},
  number={6},
  pages={5639--5646},
  year={2024},
  publisher={IEEE}
}

@inproceedings{feng2025learning,
  title={Learning multi-agent loco-manipulation for long-horizon quadrupedal pushing},
  author={Feng, Yuming and Hong, Chuye and Niu, Yaru and Liu, Shiqi and Yang, Yuxiang and Zhao, Ding},
  booktitle={2025 IEEE International Conference on Robotics and Automation (ICRA)},
  pages={14441--14448},
  year={2025},
  organization={IEEE}
}

@book{lavalle2006planning,
  title={Planning Algorithms},
  author={LaValle, Steven M},
  year={2006},
  publisher={Cambridge univ. press}
}

@article{hogan2020reactive,
  title={Reactive planar non-prehensile manipulation with hybrid model predictive control},
  author={Hogan, Francois R and Rodriguez, Alberto},
  journal={The International Journal of Robotics Research},
  volume={39},
  number={7},
  pages={755--773},
  year={2020},
  publisher={SAGE Publications Sage UK: London, England}
}

@inproceedings{xue2023guided,
  title={Guided optimal control for long-term non-prehensile planar manipulation},
  author={Xue, Teng and Girgin, Hakan and Lembono, Teguh Santoso and Calinon, Sylvain},
  booktitle={IEEE International Conference on Robotics and Automation (ICRA)},
  pages={4999--5005},
  year={2023}
}

@inproceedings{lynch1992manipulation,
  title={Manipulation and active sensing by pushing using tactile feedback.},
  author={Lynch, Kevin M and Maekawa, Hitoshi and Tanie, Kazuo},
  booktitle={IROS},
  volume={1},
  pages={416--421},
  year={1992}
}

@inproceedings{simeonov2021long,
  title={A long horizon planning framework for manipulating rigid pointcloud objects},
  author={Simeonov, Anthony and Du, Yilun and Kim, Beomjoon and Hogan, Francois and Tenenbaum, Joshua and Agrawal, Pulkit and Rodriguez, Alberto},
  booktitle={Conference on Robot Learning},
  pages={1582--1601},
  year={2021},
  organization={PMLR}
}

@inproceedings{toussaint2015logic,
  title={Logic-Geometric Programming: An Optimization-Based Approach to Combined Task and Motion Planning.},
  author={Toussaint, Marc},
  booktitle={IJCAI},
  pages={1930--1936},
  year={2015}
}

@ARTICLE{guo2021geometric,
  author={Guo, Meng and Bürger, Mathias},
  journal={IEEE Transactions on Robotics},
  title={Geometric Task Networks: Learning Efficient and Explainable Skill Coordination for Object Manipulation},
  year={2022},
  volume={38},
  number={3},
  pages={1723-1734},
  }


@inproceedings{srivastava2014combined,
  title={Combined task and motion planning through an extensible planner-independent interface layer},
  author={Srivastava, Siddharth and Fang, Eugene and Riano, Lorenzo and Chitnis, Rohan and Russell, Stuart and Abbeel, Pieter},
  booktitle={IEEE international conference on robotics and automation (ICRA)},
  pages={639--646},
  year={2014},
}

@inproceedings{toussaint2018differentiable,
  title={Differentiable physics and stable modes for tool-use and manipulation planning},
  author={Toussaint, Marc A and Allen, Kelsey Rebecca and Smith, Kevin A and Tenenbaum, Joshua B},
  year={2018},
  publisher={Robotics: Science and Systems Foundation}
}

@article{kim2019learning,
  title={Learning to guide task and motion planning using score-space representation},
  author={Kim, Beomjoon and Wang, Zi and Kaelbling, Leslie Pack and Lozano-P{\'e}rez, Tom{\'a}s},
  journal={The International Journal of Robotics Research},
  volume={38},
  number={7},
  pages={793--812},
  year={2019},
  publisher={SAGE Publications Sage UK: London, England}
}

@article{22-leder-AdvSci,
  title = {Leveraging Building Material as Part of the In-Plane
  		  Robotic Kinematic System for Collective Construction},
  author = {Leder, Samuel and Kim, HyunGyu and Oguz, Ozgur Salih and Kalousdian, Nicolas Kubail and Hartmann, Valentin N. and Menges, Achim and Toussaint, Marc and Sitti, Metin},
  year = {2022},
  journal = {Advanced Science},
}

@article{22-hartmann-TRO,
  title = {Long-Horizon Multi-Robot Rearrangement Planning for
  		  Construction Assembly},
  author = {Hartmann, Valentin N. and Orthey, Andreas and Driess, Danny and Oguz, Ozgur S. and Toussaint, Marc},
  journal = {Transactions on Robotics},
  year = {2022}
}

@article{22-ha-RAL,
  arxiv_pdf = {2112.04812},
  title = {Deep Visual Constraints: Neural Implicit Models for
  		  Manipulation Planning from Visual Input},
  author = {Ha, Jung-Su and Driess, Danny and Toussaint, Marc},
  journal = {IEEE Robotics and Automation Letters},
  issn = {2377-3766},
  year = {2022}
}

@inproceedings{zeng2018learning,
  title={Learning synergies between pushing and grasping with self-supervised deep reinforcement learning},
  author={Zeng, Andy and Song, Shuran and Welker, Stefan and Lee, Johnny and Rodriguez, Alberto and Funkhouser, Thomas},
  booktitle={IEEE/RSJ International Conference on Intelligent Robots and Systems (IROS)},
  pages={4238--4245},
  year={2018},
}

@article{wang2021learning,
  title={Learning compositional models of robot skills for task and motion planning},
  author={Wang, Zi and Garrett, Caelan Reed and Kaelbling, Leslie Pack and Lozano-P{\'e}rez, Tom{\'a}s},
  journal={The International Journal of Robotics Research},
  volume={40},
  number={6-7},
  pages={866--894},
  year={2021},
  publisher={SAGE Publications Sage UK: London, England}
}

@inproceedings{kaelbling2011hierarchical,
  title={Hierarchical task and motion planning in the now},
  author={Kaelbling, Leslie Pack and Lozano-P{\'e}rez, Tom{\'a}s},
  booktitle={2011 IEEE International Conference on Robotics and Automation},
  pages={1470--1477},
  year={2011},

}

@inproceedings{toussaint2017multi,
  title={Multi-bound tree search for logic-geometric programming in cooperative manipulation domains},
  author={Toussaint, Marc and Lopes, Manuel},
  booktitle={2017 IEEE International Conference on Robotics and Automation (ICRA)},
  pages={4044--4051},
  year={2017},

}

@inproceedings{tang2023combinatorial,
  title={Combinatorial-hybrid Optimization for Multi-agent Systems under Collaborative Tasks},
  author={Tang, Zili and Chen, Junfeng and Guo, Meng},
  booktitle={IEEE Conference on Decision and Control (CDC)},
  year={2023},
}

@article{tuci2018cooperative,
  title={Cooperative object transport in multi-robot systems: A review of the state-of-the-art},
  author={Tuci, Elio and Alkilabi, Muhanad HM and Akanyeti, Otar},
  journal={Frontiers in Robotics and AI},
  volume={5},
  pages={59},
  year={2018},
  publisher={Frontiers Media SA}
}

@article{kube1997task,
  title={Task modelling in collective robotics},
  author={Kube, C Ronald},
  journal={Autonomous robots},
  volume={4},
  pages={53--72},
  year={1997},
  publisher={Springer}
}

@article{chen2015occlusion,
  title={Occlusion-based cooperative transport with a swarm of miniature mobile robots},
  author={Chen, Jianing and Gauci, Melvin and Li, Wei and Kolling, Andreas and Gro{\ss}, Roderich},
  journal={IEEE Transactions on Robotics},
  volume={31},
  number={2},
  pages={307--321},
  year={2015},
  publisher={IEEE}
}

@inproceedings{wang2006multi,
  title={Multi-robot box-pushing: Single-agent q-learning vs. team q-learning},
  author={Wang, Ying and De Silva, Clarence W},
  booktitle={2006 IEEE/RSJ international conference on intelligent robots and systems},
  pages={3694--3699},
  year={2006},
}

@article{arai2002advances,
  title={Advances in multi-robot systems},
  author={Arai, Tamio and Pagello, Enrico and Parker, Lynne E and others},
  journal={IEEE Transactions on robotics and automation},
  volume={18},
  number={5},
  pages={655--661},
  year={2002}
}

@article{vig2006multi,
  title={Multi-robot coalition formation},
  author={Vig, Lovekesh and Adams, Julie A},
  journal={IEEE transactions on robotics},
  volume={22},
  number={4},
  pages={637--649},
  year={2006},
  publisher={IEEE}
}

@article{simonin2009cooperative,
  title={A cooperative multi-robot architecture for moving a paralyzed robot},
  author={Simonin, Olivier and Grunder, Olivier},
  journal={Mechatronics},
  volume={19},
  number={4},
  pages={463--470},
  year={2009},
  publisher={Elsevier}
}

@inproceedings{xiao2020learning,
  title={Learning multi-robot decentralized macro-action-based policies via a centralized q-net},
  author={Xiao, Yuchen and Hoffman, Joshua and Xia, Tian and Amato, Christopher},
  booktitle={IEEE International conference on robotics and automation (ICRA)},
  pages={10695--10701},
  year={2020},
}

@inproceedings{goyal1989limit,
  title={Limit surface and moment function descriptions of planar sliding},
  author={Goyal, Suresh and Ruina, Andy and Papadopoulos, Jim},
  booktitle={IEEE International Conference on Robotics and Automation (ICRA)},
  pages={794--795},
  year={1989},
}

@article{diamond2016cvxpy,
  title={CVXPY: A Python-embedded modeling language for convex optimization},
  author={Diamond, Steven and Boyd, Stephen},
  journal={The Journal of Machine Learning Research},
  volume={17},
  number={1},
  pages={2909--2913},
  year={2016},
  publisher={JMLR. org}
}

@article{kao2016contact,
  title={Contact modeling and manipulation},
  author={Kao, Imin and Lynch, Kevin M and Burdick, Joel W},
  journal={Springer Handbook of Robotics},
  pages={931--954},
  year={2016},
  publisher={Springer}
}

@book{leon2006linear,
  title={Linear algebra with applications},
  author={Leon, Steven J and De Pillis, Lisette G and De Pillis, Lisette G},
  year={2006},
  publisher={Pearson Prentice Hall Upper Saddle River, NJ}
}

@Article{andersson2019casadi,
  author = {Joel A E Andersson and Joris Gillis and Greg Horn
            and James B Rawlings and Moritz Diehl},
  title = {{CasADi} -- {A} software framework for nonlinear optimization
           and optimal control},
  journal = {Mathematical Programming Computation},
  volume = {11},
  number = {1},
  pages = {1--36},
  year = {2019},
  publisher = {Springer},
}

@book{rockafellar2009variational,
  title={Variational analysis},
  author={Rockafellar, R Tyrrell and Wets, Roger J-B},
  volume={317},
  year={2009},
  publisher={Springer Science \& Business Media}
}

@article{allgower2004nonlinear,
  title={Nonlinear model predictive control: From theory to application},
  author={Allgower, Frank and Findeisen, Rolf and Nagy, Zoltan K and others},
  journal={Journal-Chinese Institute Of Chemical Engineers},
  volume={35},
  number={3},
  pages={299--316},
  year={2004},
  publisher={CHINESE INST CHEM ENGINEERS}
}

@book{terlaky2013interior,
  title={Interior point methods of mathematical programming},
  author={Terlaky, Tam{\'a}s},
  volume={5},
  year={2013},
  publisher={Springer Science \& Business Media}
}

@article{bergen1999fast,
  title={A fast and robust GJK implementation for collision detection of convex objects},
  author={Bergen, Gino van den},
  journal={Journal of graphics tools},
  volume={4},
  number={2},
  pages={7--25},
  year={1999},
  publisher={Taylor \& Francis}
}

@article{miyata2002cooperative,
  title={Cooperative transport by multiple mobile robots in unknown static environments associated with real-time task assignment},
  author={Miyata, Natsuki and Ota, Jun and Arai, Tamio and Asama, Hajime},
  journal={IEEE transactions on robotics and automation},
  volume={18},
  number={5},
  pages={769--780},
  year={2002},
  publisher={IEEE}
}

@article{garcia2013scalable,
  title={Scalable task assignment for heterogeneous multi-robot teams},
  author={Garc{\'\i}a, Paula and Caama{\~n}o, Pilar and Duro, Richard J and Bellas, Francisco},
  journal={International journal of advanced robotic systems},
  volume={10},
  number={2},
  pages={105},
  year={2013},
  publisher={SAGE Publications Sage UK: London, England}
}

@misc{coumans2019,
author = {Erwin Coumans and Yunfei Bai},
title = {PyBullet, a Python module for physics simulation for games, robotics and machine learning},
howpublished = {\url{http://pybullet.org}},
year = {2016--2019}
}

@book{whittaker1964treatise,
  title={A treatise on the analytical dynamics of particles and rigid bodies},
  author={Whittaker, Edmund Taylor},
  year={1964},
  publisher={CUP Archive}
}

@inproceedings{le2021learning,
  title={Learning Forceful Manipulation Skills from Multi-modal Human Demonstrations},
  author={An T. Le and Meng Guo and Niels van Duijkeren and Leonel Rozo and Robert Krug and Andras G. Kupcsik and Mathias B\"urger},
  booktitle={IEEE/RSJ International Conference on Intelligent Robots and Systems (IROS)},
  year={2021},
}

@article{McGuireCroonTuyls2019,
  title        = {A Comparative Study of Bug Algorithms for Robot Navigation},
  author       = {Kimberly N. McGuire and Guido C. H. E. de Croon and Karl Tuyls},
  journal      = {Robotics and Autonomous Systems},
  volume       = {121},
  pages        = {103261},
  year         = {2019},
  doi          = {10.1016/j.robot.2019.103261}
}
